
@misc{AGH21,
      title={Kripke-Joyal forcing for type theory and uniform fibrations},
      author={Awodey, Steve and Gambino, Nicola and Hazratpour, Sina},
      year={2021},
      eprint={2110.14576},
      archivePrefix={arXiv},
      primaryClass={math.LO}
}

@misc{AKK14,
      title={Topos Semantics for Higher-Order Modal Logic},
      author={Awodey, Steve and Kishida, Kohei and Kotzsch, Hans-Christoph},
      year={2014},
      eprint={1403.0020},
      archivePrefix={arXiv},
      primaryClass={math.LO}
}

@misc{BS14,
      title={Mass problems and intuitionistic higher-order logic},
      author={Basu, Sankha Sjerp and Simpson, Stephen G.},
      year={2014},
      eprint={1408.2763},
      archivePrefix={arXiv},
      primaryClass={math.LO}
}

@article{BW13, title={A Reduction Theorem for the Kripke–Joyal Semantics: Forcing Over an Arbitrary Category can Always be Replaced by Forcing Over a Complete Heyting Algebra}, volume={7}, ISSN={1661-8300}, url={http://dx.doi.org/10.1007/s11787-013-0084-y}, DOI={10.1007/s11787-013-0084-y}, number={3}, journal={Logica Universalis}, publisher={Springer Science and Business Media LLC}, author={Barušs, Imants and Woodrow, Robert}, year={2013}, month=aug, pages={323–334} }

@article{Bauer16, title={Five stages of accepting constructive mathematics}, volume={54}, ISSN={1088-9485}, url={http://dx.doi.org/10.1090/bull/1556}, DOI={10.1090/bull/1556}, number={3}, journal={Bulletin of the American Mathematical Society}, publisher={American Mathematical Society (AMS)}, author={Bauer, Andrej}, year={2016}, month=oct, pages={481–498} }
@article{Bauer22, title={Instance reducibility and Weihrauch degrees}, volume={18}, number={3}, ISSN={1860-5974}, url={http://dx.doi.org/10.46298/lmcs-18(3:20)2022}, DOI={10.46298/lmcs-18(3:20)2022}, journal={Logical Methods in Computer Science}, publisher={Centre pour la Communication Scientifique Directe (CCSD)}, author={Bauer, Andrej}, year={2022}, month=aug }

@article{BM12, title={Derived rules for predicative set theory: An application of sheaves}, volume={163}, ISSN={0168-0072}, url={http://dx.doi.org/10.1016/j.apal.2012.01.010}, DOI={10.1016/j.apal.2012.01.010}, number={10}, journal={Annals of Pure and Applied Logic}, publisher={Elsevier BV}, author={van den Berg, Benno and Moerdijk, Ieke}, year={2012}, month=oct, pages={1367–1383}, sortname={Berg, Benno van den}}

@misc{Blechschmidt17,
      title={Using the internal language of toposes in algebraic geometry},
      author={Blechschmidt, Ingo},
      year={2021},
      eprint={2111.03685},
      archivePrefix={arXiv},
      primaryClass={math.AG}
}
@misc{Blechschmidt18,
      title={Flabby and injective objects in toposes},
      author={Blechschmidt, Ingo},
      year={2018},
      eprint={1810.12708},
      archivePrefix={arXiv},
      primaryClass={math.CT}
}
@misc{Blechschmidt20,
      title={Generalized spaces for constructive algebra},
      author={Blechschmidt, Ingo},
      year={2020},
      eprint={2012.13850},
      archivePrefix={arXiv},
      primaryClass={math.LO}
}
@misc{Blechschmidt22,
      title={Exploring mathematical objects from custom-tailored mathematical universes},
      author={Blechschmidt, Ingo},
      year={2022},
      eprint={2204.00948},
      archivePrefix={arXiv},
      primaryClass={math.HO}
}

@article{Coquand92, title={An intuitionistic proof of Tychonoff’s theorem}, volume={57}, ISSN={1943-5886}, url={http://dx.doi.org/10.2307/2275174}, DOI={10.2307/2275174}, number={1}, journal={Journal of Symbolic Logic}, publisher={Cambridge University Press (CUP)}, author={Coquand, Thierry}, year={1992}, month=mar, pages={28–32} }

@inbook{FG82, title={Formal Spaces}, ISSN={0049-237X}, url={http://dx.doi.org/10.1016/S0049-237X(09)70126-0}, DOI={10.1016/s0049-237x(09)70126-0}, booktitle={Studies in Logic and the Foundations of Mathematics}, publisher={Elsevier}, author={Fourman, Michael Paul and Grayson, R. J.}, year={1982}, pages={107–122} }

@inbook{FH79, title={Sheaf models for analysis}, ISBN={9783540348498}, ISSN={1617-9692}, url={http://dx.doi.org/10.1007/BFb0061823}, DOI={10.1007/bfb0061823}, booktitle={Applications of Sheaves}, publisher={Springer Berlin Heidelberg}, author={Fourman, Michael Paul and Hyland, John Martin Elliot}, year={1979}, pages={280–301} }

@inbook{FS79, title={Sheaves and logic}, ISBN={9783540348498}, ISSN={1617-9692}, url={http://dx.doi.org/10.1007/BFb0061824}, DOI={10.1007/bfb0061824}, booktitle={Applications of Sheaves}, publisher={Springer Berlin Heidelberg}, author={Fourman, Michael Paul and Scott, Dana Stewart}, year={1979}, pages={302–401} }

@book{GJ60, title={Rings of Continuous Functions}, ISBN={9781461578192}, url={http://dx.doi.org/10.1007/978-1-4615-7819-2}, DOI={10.1007/978-1-4615-7819-2}, publisher={Springer New York}, author={Gillman, Leonard and Jerison, Meyer}, year={1960} }

@inbook{Gray79, title={Fragments of the history of sheaf theory}, ISBN={9783540348498}, ISSN={1617-9692}, url={http://dx.doi.org/10.1007/BFb0061812}, DOI={10.1007/bfb0061812}, booktitle={Applications of Sheaves}, publisher={Springer Berlin Heidelberg}, author={Gray, John Walker}, year={1979}, pages={1–79} }

@inbook{Hyland81, title={Function spaces in the category of locales}, ISBN={9783540387558}, ISSN={1617-9692}, url={http://dx.doi.org/10.1007/BFb0089910}, DOI={10.1007/bfb0089910}, booktitle={Continuous Lattices}, publisher={Springer Berlin Heidelberg}, author={Hyland, John Martin Elliot}, year={1981}, pages={264–281} }

@inbook{Johnstone79, title={Conditions related to de Morgan’s law}, ISBN={9783540348498}, ISSN={1617-9692}, url={http://dx.doi.org/10.1007/BFB0061829}, DOI={10.1007/bfb0061829}, booktitle={Applications of Sheaves}, publisher={Springer Berlin Heidelberg}, author={Johnstone, Peter Tennant}, year={1979}, pages={479–491} }
@article{Johnstone81, title={Tychonoff’s theorem without the axiom of choice}, volume={113}, ISSN={1730-6329}, url={http://dx.doi.org/10.4064/FM-113-1-21-35}, DOI={10.4064/fm-113-1-21-35}, number={1}, journal={Fundamenta Mathematicae}, publisher={Institute of Mathematics, Polish Academy of Sciences}, author={Johnstone, Peter Tennant}, year={1981}, pages={21–35} }
@book{Johnstone82,
  title={Stone Spaces},
  author={Johnstone, Peter Tennant},
  isbn={9780521337793},
  lccn={lc82004506},
  series={Cambridge Studies in Advanced Mathematics},
  year={1982},
  publisher={Cambridge University Press}
}
@book{Johnstone02,
   title =     {Sketches of an Elephant: A Topos Theory Compendium, Volumes 1 \& 2},
   author=     {Johnstone, Peter Tennant},
   publisher = {Oxford University Press},
   isbn =      {9780198524960},
   year =      {2002},
   series =    {Oxford Logic Guides 43-44}
}
@book{Johnstone02ab,
  title={Sketches of an Elephant: A Topos Theory Compendium, Volume 1},
  author={Johnstone, Peter Tennant},
  isbn={9780198534259},
  lccn={2002070149},
  series={Oxford Logic Guides},
  year={2002},
  publisher={Clarendon Press}
}
@book{Johnstone02cd,
  title={Sketches of an Elephant: A Topos Theory Compendium, Volume 2},
  author={Johnstone, Peter Tennant},
  isbn={9780198515982},
  lccn={2002070149},
  series={Oxford Logic Guides},
  year={2002},
  publisher={Clarendon Press}
}

@article{JT84, title={An extension of the Galois theory of Grothendieck}, volume={51}, ISSN={1947-6221}, url={http://dx.doi.org/10.1090/MEMO/0309}, DOI={10.1090/memo/0309}, number={309}, journal={Memoirs of the American Mathematical Society}, publisher={American Mathematical Society (AMS)}, author={Joyal, André and Tierney, Myles}, year={1984}, pages={1–71} }

@inbook{Lawvere00, title={Comments on the Development of Topos Theory}, ISBN={9783034889681}, url={http://dx.doi.org/10.1007/978-3-0348-8968-1_23}, DOI={10.1007/978-3-0348-8968-1_23}, booktitle={Development of Mathematics, 1950–2000}, publisher={Birkhäuser Basel}, author={Lawvere, Francis William}, year={2000}, pages={715–734} }

@article{Levy77, title={Almost-P-Spaces}, volume={29}, ISSN={1496-4279}, url={http://dx.doi.org/10.4153/CJM-1977-030-7}, DOI={10.4153/cjm-1977-030-7}, number={2}, journal={Canadian Journal of Mathematics}, publisher={Canadian Mathematical Society}, author={Levy, Ronnie}, year={1977}, month=apr, pages={284–288} }
%sus
@misc{Lešnik10,
      title={Synthetic Topology and Constructive Metric Spaces},
      author={Lešnik, Davorin},
      year={2021},
      eprint={2104.10399},
      archivePrefix={arXiv},
      primaryClass={math.GN}
}

@article{LvO13, title={Basic subtoposes of the effective topos}, volume={164}, ISSN={0168-0072}, url={http://dx.doi.org/10.1016/j.apal.2013.04.001}, DOI={10.1016/j.apal.2013.04.001}, number={9}, journal={Annals of Pure and Applied Logic}, publisher={Elsevier BV}, author={Lee, Sori and van Oosten, Jaap}, year={2013}, month=sep, pages={866–883}, sortname={Lee, Sori and Oosten, Jaap van} }

@book{MM92, title={Sheaves in Geometry and Logic: A First Introduction to Topos Theory}, ISBN={9780387977102}, ISSN={0172-5939}, url={http://dx.doi.org/10.1007/978-1-4612-0927-0}, DOI={10.1007/978-1-4612-0927-0}, journal={Universitext}, publisher={Springer New York}, author={Mac Lane, Saunders and Moerdijk, Ieke}, year={1992} }

%sus
@misc{Manuell23,
      title={Pointfree topology and constructive mathematics},
      author={Manuell, Graham},
      year={2023},
      eprint={2304.06000},
      archivePrefix={arXiv},
      primaryClass={math.GN}
}

@inbook{Plewe00, title={Quotient Maps of Locales}, ISBN={9789401725293}, url={http://dx.doi.org/10.1007/978-94-017-2529-3_3}, DOI={10.1007/978-94-017-2529-3_3}, booktitle={Papers in Honour of Bernhard Banaschewski}, publisher={Springer Netherlands}, author={Plewe, Till}, year={2000}, pages={17–44} }

@book{Pym02, title={The Semantics and Proof Theory of the Logic of Bunched Implications}, ISBN={9789401700917}, ISSN={1386-2790}, url={http://dx.doi.org/10.1007/978-94-017-0091-7}, DOI={10.1007/978-94-017-0091-7}, journal={Applied Logic Series}, publisher={Springer Netherlands}, author={Pym, David J.}, year={2002} }

%sus
@book{Ščedrov84,
  title={Forcing and Classifying Topoi},
  author={Ščedrov, Andrej},
  isbn={9780821822944},
  lccn={lc83026644},
  series={American Mathematical Society: Memoirs of the American Mathematical Society},
  year={1984},
  publisher={American Mathematical Society}
}

@book{Tennison75, title={Sheaf Theory}, ISBN={9780511661761}, url={http://dx.doi.org/10.1017/CBO9780511661761}, DOI={10.1017/cbo9780511661761}, publisher={Cambridge University Press}, author={Tennison, B. R.}, year={1975}, month=dec }

%sus
@book{TD88v1,
  title={Constructivism in Mathematics: An Introduction},
  author={Troelstra, Anne Sjerp and van Dalen, Dirk},
  number={v. 1},
  isbn={9780444705068},
  lccn={lc88005240},
  series={Constructivism in Mathematics},
  year={1988},
  publisher={North-Holland}
}

%sus
@book{TD88,
  title={Constructivism in Mathematics: An Introduction, Volume 2},
  author={Troelstra, Anne Sjerp and van Dalen, Dirk},
  number={v. 2},
  isbn={9780444703583},
  lccn={88005240},
  series={Studies in Logic and the Foundations of Mathematics},
  year={1988},
  publisher={Elsevier Science}
}

@book{Vickers89,
author = {Vickers, Steven},
title = {Topology via Logic},
year = {1989},
isbn = {9780521360623},
publisher = {Cambridge University Press},
address = {USA}
}






